@article{magnani2014comprehensive,
  title={A comprehensive analysis of microProteins reveals their potentially widespread mechanism of transcriptional regulation},
  author={Magnani, Enrico and De Klein, Niek and Nam, Hye-In and Kim, Jung-Gun and Pham, Kimberly and Fiume, Elisa and Mudgett, Mary Beth and Rhee, Seung Yon},
  journal={Plant physiology},
  volume={165},
  number={1},
  pages={149--159},
  year={2014},
  publisher={American Society of Plant Biologists}
}

@article{klein2015gene,
  title={A gene mapping bottleneck in the translational route from zebrafish to human},
  author={Klein, Niek de and Ibberson, Mark and Crespo, Isaac and Rodius, Sophie and Azuaje, Francisco},
  journal={Frontiers in genetics},
  volume={5},
  pages={470},
  year={2015},
  publisher={Frontiers}
}

@article{de2015microprotein,
  title={microProtein Prediction Program (miP3): a software for predicting microProteins and their target transcription factors},
  author={De Klein, Niek and Magnani, Enrico and Banf, Michael and Rhee, Seung Yon},
  journal={International journal of genomics},
  volume={2015},
  year={2015},
  publisher={Hindawi}
}

@article{rodius2016analysis,
  title={Analysis of the dynamic co-expression network of heart regeneration in the zebrafish},
  author={Rodius, Sophie and Androsova, Ganna and G{\"o}tz, Lou and Liechti, Robin and Crespo, Isaac and Merz, Susanne and Nazarov, Petr V and de Klein, Niek and Jeanty, C{\'e}line and Gonz{\'a}lez-Rosa, Juan M and others},
  journal={Scientific reports},
  volume={6},
  pages={26822},
  year={2016},
  publisher={Nature Publishing Group}
}

@incollection{fiume2016framework,
  title={A Framework for Discovering, Designing, and Testing MicroProteins to Regulate Synthetic Transcriptional Modules},
  author={Fiume, Elisa and De Klein, Niek and Rhee, Seung Yon and Magnani, Enrico},
  booktitle={Plant Synthetic Promoters},
  pages={175--188},
  year={2016},
  publisher={Humana Press, New York, NY}
}

@article{zhernakova2017identification,
  title={Identification of context-dependent expression quantitative trait loci in whole blood},
  author={Zhernakova, Daria V and Deelen, Patrick and Vermaat, Martijn and van Iterson, Maarten and van Galen, Michiel and Arindrarto, Wibowo and van't Hof, Peter and Mei, Hailiang and van Dijk, Freerk and Westra, Harm-Jan and others},
  journal={Nature genetics},
  volume={49},
  number={1},
  pages={139},
  year={2017},
  publisher={Nature Publishing Group}
}

@article{graham2016tmem258,
  title={TMEM258 is a component of the oligosaccharyltransferase complex controlling ER stress and intestinal inflammation},
  author={Graham, Daniel B and Lefkovith, Ariel and Deelen, Patrick and de Klein, Niek and Varma, Mukund and Boroughs, Angela and Desch, A Nicole and Ng, Aylwin CY and Guzman, Gaelen and Schenone, Monica and others},
  journal={Cell reports},
  volume={17},
  number={11},
  pages={2955--2965},
  year={2016},
  publisher={Cell Press}
}

@article{claringbould2017genetic,
  title={The genetic architecture of molecular traits},
  author={Claringbould, Annique and de Klein, Niek and Franke, Lude},
  journal={Current Opinion in Systems Biology},
  volume={1},
  pages={25--31},
  year={2017},
  publisher={Elsevier}
}

@article{barbieri2018op011,
  title={OP011 Integration of whole-exome sequencing and RNA sequencing of intestinal biopsies in inflammatory bowel disease identifies inflammation-dependent effects},
  author={Barbieri, R and Uniken Venema, W and Vich Vila, A and Li, Y and Franke, L and van Dijk, F and De Klein, N and Swertz, M and Sanna, S and Voskuil, MD and others},
  journal={Journal of Crohn's and Colitis},
  volume={12},
  number={supplement\_1},
  pages={S008--S009},
  year={2018},
  publisher={Oxford University Press}
}

