@article{magnani2014comprehensive,
  title={A comprehensive analysis of microProteins reveals their potentially widespread mechanism of transcriptional regulation},
  author={Magnani, Enrico and de Klein, Niek and Nam, Hye-In and Kim, Jung-Gun and Pham, Kimberly and Fiume, Elisa and Mudgett, Mary Beth and Rhee, Seung Yon},
  journal={Plant physiology},
  volume={165},
  number={1},
  pages={149--159},
  year={2014},
  publisher={American Society of Plant Biologists}
}

@article{klein2015gene,
  title={A gene mapping bottleneck in the translational route from zebrafish to human},
  author={Klein, Niek de and Ibberson, Mark and Crespo, Isaac and Rodius, Sophie and Azuaje, Francisco},
  journal={Frontiers in Genetics},
  volume={5},
  pages={470},
  year={2015},
  publisher={Frontiers Media SA}
}

@article{de2015microprotein,
  title={microProtein Prediction Program (miP3): A software for predicting microProteins and their target transcription factors},
  author={de Klein, Niek and Magnani, Enrico and Banf, Michael and Rhee, Seung Yon},
  journal={International journal of genomics},
  volume={2015},
  year={2015},
  publisher={Hindawi}
}

@article{rodius2016analysis,
  title={Analysis of the dynamic co-expression network of heart regeneration in the zebrafish},
  author={Rodius, Sophie and Androsova, Ganna and Gotz, Lou and Liechti, Robin and Crespo, Isaac and Merz, Susanne and Nazarov, Petr V and de Klein, Niek and Jeanty, Celine and Gonzalez-Rosa, Juan M and others},
  journal={Scientific reports},
  volume={6},
  number={1},
  pages={1--12},
  year={2016},
  publisher={Nature Publishing Group}
}

@incollection{fiume2016framework,
  title={A framework for discovering, designing, and testing microproteins to regulate synthetic transcriptional modules},
  author={Fiume, Elisa and Klein, Niek de and Rhee, Seung Yon and Magnani, Enrico},
  booktitle={Plant Synthetic Promoters},
  pages={175--188},
  year={2016},
  publisher={Humana Press, New York, NY}
}

@article{zhernakova2017identification,
  title={Identification of context-dependent expression quantitative trait loci in whole blood},
  author={Zhernakova, Daria V and Deelen, Patrick and Vermaat, Martijn and Van Iterson, Maarten and Van Galen, Michiel and Arindrarto, Wibowo and Van't Hof, Peter and Mei, Hailiang and Van Dijk, Freerk and Westra, Harm-Jan and others},
  journal={Nature genetics},
  volume={49},
  number={1},
  pages={139--145},
  year={2017},
  publisher={Nature Publishing Group}
}

@article{graham2016tmem258,
  title={TMEM258 is a component of the oligosaccharyltransferase complex controlling ER stress and intestinal inflammation},
  author={Graham, Daniel B and Lefkovith, Ariel and Deelen, Patrick and de Klein, Niek and Varma, Mukund and Boroughs, Angela and Desch, A Nicole and Ng, Aylwin CY and Guzman, Gaelen and Schenone, Monica and others},
  journal={Cell reports},
  volume={17},
  number={11},
  pages={2955--2965},
  year={2016},
  publisher={Cell Press}
}

@article{claringbould2017genetic,
  title={The genetic architecture of molecular traits},
  author={Claringbould, Annique and de Klein, Niek and Franke, Lude},
  journal={Current Opinion in Systems Biology},
  volume={1},
  pages={25--31},
  year={2017},
  publisher={Elsevier}
}

@article{parmar2018association,
  title={Association of maternal prenatal smoking GFI1-locus and cardio-metabolic phenotypes in 18,212 adults},
  author={Parmar, Priyanka and Lowry, Estelle and Cugliari, Giovanni and Suderman, Matthew and Wilson, Rory and Karhunen, Ville and Andrew, Toby and Wiklund, Petri and Wielscher, Matthias and Guarrera, Simonetta and others},
  journal={EBioMedicine},
  volume={38},
  pages={206--216},
  year={2018},
  publisher={Elsevier}
}

@article{aguirre2020deconvolution,
  title={Deconvolution of bulk blood eQTL effects into immune cell subpopulations},
  author={Aguirre-Gamboa, Raul and de Klein, Niek and di Tommaso, Jennifer and Claringbould, Annique and van der Wijst, Monique GP and de Vries, Dylan and Brugge, Harm and Oelen, Roy and Vosa, Urmo and Zorro, Maria M and others},
  journal={BMC bioinformatics},
  volume={21},
  number={1},
  pages={1--23},
  year={2020},
  publisher={BioMed Central}
}

@article{rodius2020fisetin,
  title={Fisetin protects against cardiac cell death through reduction of ROS production and caspases activity},
  author={Rodius, Sophie and de Klein, Niek and Jeanty, Celine and Sanchez-Iranzo, Hector and Crespo, Isaac and Ibberson, Mark and Xenarios, Ioannis and Dittmar, Gunnar and Mercader, Nadia and Niclou, Simone P and others},
  journal={Scientific reports},
  volume={10},
  number={1},
  pages={1--12},
  year={2020},
  publisher={Nature Publishing Group}
}

@article{karabegovic2021epigenome,
  title={Epigenome-wide association meta-analysis of DNA methylation with coffee and tea consumption},
  author={Karabegovic, Irma and Portilla-Fernandez, Eliana and Li, Yang and Ma, Jiantao and Maas, Silvana CE and Sun, Daokun and Hu, Emily A and Kuhnel, Brigitte and Zhang, Yan and Ambatipudi, Srikant and others},
  journal={Nature communications},
  volume={12},
  number={1},
  pages={1--13},
  year={2021},
  publisher={Nature Publishing Group}
}

@article{de2020imbalanced,
  title={Imbalanced expression for predicted high-impact, autosomal-dominant variants in a cohort of 3,818 healthy samples},
  author={de Klein, Niek and van Dijk, Freerk and Deelen, Patrick and Urzua, Carlos G and Claringbould, Annique and Vosa, Urmo and Verlouw, Joost AM and Monajemi, Ramin and ACâ€˜t Hoen, Peter and Sinke, Richard J and others},
  journal={bioRxiv},
  year={2020},
  publisher={Cold Spring Harbor Laboratory}
}

@article{de2021brain,
  title={Brain expression quantitative trait locus and network analysis reveals downstream effects and putative drivers for brain-related diseases},
  author={de Klein, Niek and Tsai, Ellen A and Vochteloo, Martijn and Baird, Denis and Huang, Yunfeng and Chen, Chia-Yen and van Dam, Sipko and Deelen, Patrick and Bakker, Olivier B and El Garwany, Omar and others},
  journal={bioRxiv},
  year={2021},
  publisher={Cold Spring Harbor Laboratory}
}

@article{van2021common,
  title={Common and rare variant association analyses in amyotrophic lateral sclerosis identify 15 risk loci with distinct genetic architectures and neuron-specific biology},
  author={Van Rheenen, Wouter and Van Der Spek, Rick AA and Bakker, Mark K and Van Vugt, Joke JFA and Hop, Paul J and Zwamborn, Ramona AJ and De Klein, Niek and Westra, Harm-Jan and Bakker, Olivier B and Deelen, Patrick and others},
  journal={Nature genetics},
  volume={53},
  number={12},
  pages={1636--1648},
  year={2021},
  publisher={Nature Publishing Group}
}

@article{bakker2021potential,
  title={Potential impact of celiac disease genetic risk factors on T cell receptor signaling in gluten-specific CD4+ T cells},
  author={Bakker, Olivier B and Ramirez-Sanchez, Aaron D and Borek, Zuzanna A and de Klein, Niek and Li, Yang and Modderman, Rutger and Kooy-Winkelaar, Yvonne and Johannesen, Marie K and Matarese, Filomena and Martens, Joost HA and others},
  journal={Scientific reports},
  volume={11},
  number={1},
  pages={1--15},
  year={2021},
  publisher={Nature Publishing Group}
}

@article{zhang2021feasibility,
  title={Feasibility of predicting allele specific expression from DNA sequencing using machine learning},
  author={Zhang, Zhenhua and van Dijk, Freerk and de Klein, Niek and van Gijn, Marielle E and Franke, Lude H and Sinke, Richard J and Swertz, Morris A and van der Velde, K Joeri},
  journal={Scientific reports},
  volume={11},
  number={1},
  pages={1--11},
  year={2021},
  publisher={Nature Publishing Group}
}

@article{schlosser2021meta,
  title={Meta-analyses identify DNA methylation associated with kidney function and damage},
  author={Schlosser, Pascal and Tin, Adrienne and Matias-Garcia, Pamela R and Thio, Chris HL and Joehanes, Roby and Liu, Hongbo and Weihs, Antoine and Yu, Zhi and Hoppmann, Anselm and Grundner-Culemann, Franziska and others},
  journal={Nature communications},
  volume={12},
  number={1},
  pages={1--16},
  year={2021},
  publisher={Nature Publishing Group}
}

@article{boulogne2022kidneynetwork,
  title={KidneyNetwork: Using kidney-derived gene expression data to predict and prioritize novel genes involved in kidney disease},
  author={Boulogne, Floranne and Claus, Laura and Wiersma, Henry and Oelen, Roy and Schukking, Floor and de Klein, Niek and Li, Shuang and Westra, Harm-Jan and van der Zwaag, Bert and van Reekum, Franka and others},
  year={2022}
}

